@techreport{alliance2021preserving,
  title={Preserving Our Digital Legacy: an Introduction To Dna Data Storage},
  author={Alliance, DNA Data Storage},
  year={2021},
  institution={tech. rep. June}
}

@article{lombardi2016shannon,
  title={What is Shannon information?},
  author={Lombardi, Olimpia and Holik, Federico and Vanni, Leonardo},
  journal={Synthese},
  volume={193},
  number={7},
  pages={1983--2012},
  year={2016},
  publisher={Springer}
}
@article{wang2019high,
  title={High capacity DNA data storage with variable-length Oligonucleotides using repeat accumulate code and hybrid mapping},
  author={Wang, Yixin and Zhang, Jingyun and Gunawan, Erry and Guan, Yong Liang and Poh, Chueh Loo and others},
  journal={Journal of biological engineering},
  volume={13},
  number={1},
  pages={1--11},
  year={2019},
  publisher={Springer}
}
@article{erlich2017dna,
  title={DNA Fountain enables a robust and efficient storage architecture},
  author={Erlich, Yaniv and Zielinski, Dina},
  journal={science},
  volume={355},
  number={6328},
  pages={950--954},
  year={2017},
  publisher={American Association for the Advancement of Science}
}
@article{rosenthal2012economics,
  title={The economics of long-term digital storage},
  author={Rosenthal, David SH and Rosenthal, Daniel C and Miller, Ethan L and Adams, Ian F and Storer, Mark W and Zadok, Erez},
  journal={Memory of the World in the Digital Age, Vancouver, BC},
  year={2012}
}
@article{walter2005kryder,
  title={Kryderâ€™s law},
  author={Walter, Chip},
  journal={Scientific American},
  volume={293},
  number={2},
  pages={32--33},
  year={2005},
  publisher={Scientific American, a division of Nature America, Inc.}
}
@article{shehabi2016united,
  title={United states data center energy usage report},
  author={Shehabi, Arman and Smith, Sarah and Sartor, Dale and Brown, Richard and Herrlin, Magnus and Koomey, Jonathan and Masanet, Eric and Horner, Nathaniel and Azevedo, In{\^e}s and Lintner, William},
  year={2016}
}
@article{hintemann2019energy,
  title={Energy consumption of data centers worldwide},
  author={Hintemann, Ralph and Hinterholzer, Simon},
  journal={Business, Computer Science (ICT4S)},
  year={2019}
}

@inproceedings{inproceedings,
author = {Hintemann, Ralph and Hinterholzer, Simon},
year = {2020},
month = {05},
pages = {},
title = {Energy consumption of data centers worldwide How will the Internet become green?}
}

@misc{datareportal,
  title = {Digital 2022 April Global Statshot Report},
  howpublished = {\url{https://datareportal.com/}},
  year={2022}
}

@article{choi2019high,
  title={High information capacity DNA-based data storage with augmented encoding characters using degenerate bases},
  author={Choi, Yeongjae and Ryu, Taehoon and Lee, Amos C and Choi, Hansol and Lee, Hansaem and Park, Jaejun and Song, Suk-Heung and Kim, Seojoo and Kim, Hyeli and Park, Wook and others},
  journal={Scientific reports},
  volume={9},
  number={1},
  pages={1--7},
  year={2019},
  publisher={Nature Publishing Group}
}

@article{dong2020dna,
  title={DNA storage: research landscape and future prospects},
  author={Dong, Yiming and Sun, Fajia and Ping, Zhi and Ouyang, Qi and Qian, Long},
  journal={National Science Review},
  volume={7},
  number={6},
  pages={1092--1107},
  year={2020},
  publisher={Oxford University Press}
}
@article{grass2015robust,
  title={Robust chemical preservation of digital information on DNA in silica with error-correcting codes},
  author={Grass, Robert N and Heckel, Reinhard and Puddu, Michela and Paunescu, Daniela and Stark, Wendelin J},
  journal={Angewandte Chemie International Edition},
  volume={54},
  number={8},
  pages={2552--2555},
  year={2015},
  publisher={Wiley Online Library}
}
@article{ceze2019molecular,
  title={Molecular digital data storage using DNA},
  author={Ceze, Luis and Nivala, Jeff and Strauss, Karin},
  journal={Nature Reviews Genetics},
  volume={20},
  number={8},
  pages={456--466},
  year={2019},
  publisher={Nature Publishing Group}
}
@article{church2012next,
  title={Next-generation digital information storage in DNA},
  author={Church, George M and Gao, Yuan and Kosuri, Sriram},
  journal={Science},
  volume={337},
  number={6102},
  pages={1628--1628},
  year={2012},
  publisher={American Association for the Advancement of Science}
}
@article{organick2018random,
  title={Random access in large-scale DNA data storage},
  author={Organick, Lee and Ang, Siena Dumas and Chen, Yuan-Jyue and Lopez, Randolph and Yekhanin, Sergey and Makarychev, Konstantin and Racz, Miklos Z and Kamath, Govinda and Gopalan, Parikshit and Nguyen, Bichlien and others},
  journal={Nature biotechnology},
  volume={36},
  number={3},
  pages={242--248},
  year={2018},
  publisher={Nature Publishing Group}
}
@inproceedings{bornholt2016dna,
  title={A DNA-based archival storage system},
  author={Bornholt, James and Lopez, Randolph and Carmean, Douglas M and Ceze, Luis and Seelig, Georg and Strauss, Karin},
  booktitle={Proceedings of the Twenty-First International Conference on Architectural Support for Programming Languages and Operating Systems},
  pages={637--649},
  year={2016}
}
@inproceedings{heckel2017fundamental,
  title={Fundamental limits of DNA storage systems},
  author={Heckel, Reinhard and Shomorony, Ilan and Ramchandran, Kannan and David, NC},
  booktitle={2017 IEEE International Symposium on Information Theory (ISIT)},
  pages={3130--3134},
  year={2017},
  organization={IEEE}
}
@article{tabatabaei2015rewritable,
  title={A rewritable, random-access DNA-based storage system},
  author={Tabatabaei Yazdi, SM and Yuan, Yongbo and Ma, Jian and Zhao, Huimin and Milenkovic, Olgica},
  journal={Scientific reports},
  volume={5},
  number={1},
  pages={1--10},
  year={2015},
  publisher={Nature Publishing Group}
}


@article{goldman2013towards,
  title={Towards practical, high-capacity, low-maintenance information storage in synthesized DNA},
  author={Goldman, Nick and Bertone, Paul and Chen, Siyuan and Dessimoz, Christophe and LeProust, Emily M and Sipos, Botond and Birney, Ewan},
  journal={nature},
  volume={494},
  number={7435},
  pages={77--80},
  year={2013},
  publisher={Nature Publishing Group}
}

@article{shannon1948mathematical,
  title={A mathematical theory of communication},
  author={Shannon, Claude Elwood},
  journal={The Bell system technical journal},
  volume={27},
  number={3},
  pages={379--423},
  year={1948},
  publisher={Nokia Bell Labs}
}
@misc{wiki:Artificial_gene_synthesis,
   author = "Wikipedia",
   title = "{Artificial gene synthesis} --- {W}ikipedia{,} The Free Encyclopedia",
   year = "2022",
   howpublished = {\url{http://en.wikipedia.org/w/index.php?title=Artificial\%20gene\%20synthesis&oldid=1095724814}},
   note = "[Online; accessed 01-July-2022]"
 }
 @misc{technopedia2021,
 author = "technopedia",
 title = "encoding",
 year = "2021",
 howpublished = {\url{https://www.techopedia.com/definition/948/encoding}
 }
 }

@misc{INSIC,
  title = {Areal Density Chart. 2019 INSIC Tape Roadmap},
  howpublished = {\url{https://insic.org/areal-density-chart/}},
  year={2019}
}
@inproceedings{Swati2017ARO,
  title={A REVIEW ON VARIOUS ENCODING SCHEMES USED IN DIGITAL DNA DATA STORAGE},
  author={A. Bhima Sankaram Swati and Forum Mathuria and S. Durga Bhavani and E. M. Malathy and R. Mahadevan},
  year={2017}
}


